2338 3127
177 248 179 250 ,
229 269 478 325 propterea
511 269 764 320 accusatus,
779 289 782 292 ·
795 265 1004 324 iniquum
1037 279 1151 321 esse,
1179 265 1347 324 lnquit,
1379 261 1639 323 quenquam
1672 263 1775 309 ideo
1788 300 1799 320 ‚
1831 262 1969 324 qnod-
1992 276 2119 322 opes,

215 338 345 396 *q‘uas
369 336 420 389 in
440 332 711 381 Macedonia
731 337 930 392 haberet,
962 335 1457 391 Athenas-inveheret,
1472 333 1692 382 'accusari
1728 336 1886 397 (Dem.
1918 334 1987 380 de
2001 349 2118 399 pace

230 422 278 468 p.
298 399 373 452 58.
393 407 438 467 §.
461 408 622 466 6.sq.).
656 407 771 452 Mox
798 408 1050 454 histriones
1071 412 1216 452 artem
1247 407 1474 452 scenicam
1503 406 1787 454 ostentantes
1817 408 1931 453 adeo
1955 407 2118 452 huma-

230 479 353 526 niter
369 478 623 539 Philippus
648 480 841 539 accepit,
872 484 927 525 ut
958 484 1142 540 praeter
1170 478 1393 539 pecunias
1413 479 1502 525 alia
1522 495 1707 540 quoque
1731 480 1789 525 de
1814 495 1901 526 suo
1930 479 1998 525 eis
2024 479 2116 526 lar—

228 540 419 613 giretur,
429 544 497 599 *et
527 567 670 611 quum
699 551 800 599 fore
825 552 1038 608 sentiret,
1070 558 1125 597 ut
1157 551 1214 598 ad
1249 551 1403 611 ipsum
1435 553 1608 612 legatos
1643 552 1880 599 mitterent
1902 551 2117 599 Phocen-

229 642 313 684 ses,
345 625 556 676 Thessali
587 630 641 670 et
664 626 886 683 Thebani,
917 626 1224 672 Athenienses
1254 624 1468 685 decipere
1498 626 1726 683 instituit,
1759 640 1952 686 eamque
1984 641 2115 673 occa-

229 702 403 752 sionem
445 705 627 757 nactus«,
673 700 965 746 Aristodemo
1011 704 1058 744 et
1097 699 1401 764 Neoptolemo
1444 699 1652 745 Athenas
1686 698 2027 745 discedentibus
2065 714 2116 745 se

229 774 425 820 amicum
455 782 554 820 esse
576 775 929 821 Atheniensium
961 773 1097 818 dixit.
1151 765 1362 817 Eundem
1396 773 1616 818 nuncium
1648 772 1933 820 Euboeenses
1961 774 2114 834 legati,

229 863 371 908 quum
386 876 388 879 .
402 849 459 893 de
488 863 603 908 pace
635 863 738 894 cum
768 849 942 908 populo
971 847 1182 893 facienda
1211 846 1424 906 egissent,
1455 847 1773 907 pertulerunt,
1796 844 1919 907 jussi
1946 863 1974 892 a
1998 846 2114 891 Phi-

228 910 357 983 lippo
401 921 761 966 Atheniensibus
801 921 1042 966 nunciati:
1088 921 1242 980 ipsum
1280 936 1384 965 curn
1425 921 1483 964 iis
1523 919 1775 979 transigere
1817 922 1950 966 velle.
2006 922 2112 966 Jam

229 996 366 1054 paulo
408 1001 512 1054 post
553 995 745 1054 contigit
787 1001 867 1039 aut
902 996 1058 1053 potius
1097 994 1259 1038 callide
1290 995 1505 1039 effectum
1538 1008 1637 1037 esse
1677 993 1886 1049 videtur,
1930 1001 1985 1039 ut
2022 995 2114 1038 tale

228 1068 444 1127 quiddam
484 1068 738 1117 accideret:
796 1068 991 1127 Phryno
1024 1066 1339 1111 Rhamnusius
1378 1067 1576 1111 Athenis
1607 1066 1751 1110 Dium
1763 1066 1832 1125 (2)
1864 1067 2118 1126 profectuS,

229 1146 281 1186 ut
313 1140 613 1200 ,Olympicum
653 1141 751 1186 sive
793 1146 1023 1187 certamen
1064 1139 1205 1186 iniret
1250 1140 1350 1185 sive
1390 1139 1653 1200 spectaculo
1704 1138 1972 1197 interesset,
2023 1154 2114 1200 quo

226 1213 344 1259 festo
375 1219 582 1272 tempore
613 1212 825 1261 induciae
855 1213 1175 1260 indicebantur
1206 1212 1435 1272 (Barthel.
1458 1213 1637 1259 Anach.
1670 1212 1772 1258 vol.
1790 1212 1885 1258 III.
1917 1229 2017 1273 cap.
2037 1215 2113 1258 38.

227 1289 403 1346 Ρ.’485.
427 1286 512 1331 Ed.
529 1286 637 1332 Par.
681 1288 841 1332 Bremi
866 1287 923 1333 ad
944 1286 1162 1332 Aeschin.
1196 1286 1231 1331 f.
1255 1287 1343 1346 leg.
1363 1290 1407 1332 4.
1442 1287 1547 1332 vol.
1566 1287 1606 1332 I.
1633 1303 1680 1347 p.
1705 1290 1794 1332 143
1813 1287 1919 1346 sq'.),
1951 1291 2116 1346 captus

226 1365 324 1405 erat
356 1375 382 1405 a
414 1360 686 1419 quibusdam
717 1359 930 1422 Philippi
960 1360 1183 1405 militibus
1213 1355 1271 1405 in'
1294 1360 1426 1405 festis
1465 1360 1628 1405 diebus
1659 1365 1707 1405 et
1735 1359 1960 1420 spoliatus
1990 1359 2116 1404 omni

228 1432 437 1494 pecunia.
501 1433 550 1478 Is
581 1448 723 1493 quum
753 1433 985 1480 redemtus
1009 1433 1217 1481 Athenas
1246 1425 1478 1492 rediisset,
1520 1439 1735 1495 precatus
1766 1437 1837 1478 est
1859 1432 2116 1478 Athenien-

226 1521 298 1552 ses
313 1542 325 1563 ,
369 1513 421 1553 ut
451 1507 552 1568 ipse
583 1508 732 1568 legato
764 1507 950 1568 publico
980 1522 1131 1555 comes
1163 1505 1512 1570 adjungeretur,
1555 1523 1755 1567 quocum
1784 1506 2023 1568 profectus
2060 1505 2117 1551 ad

226 1580 498 1641 Philippum
530 1582 757 1641 reciperet
788 1582 982 1626 fortasse
1011 1597 1079 1636 ea,
1111 1583 1278 1639 quibus
1308 1588 1429 1625 esset
1461 1576 1701 1640 spoliatus.
1756 1580 1948 1625 Assensi
1965 1578 2115 1624 'Athe-

226 1653 429 1707 nienses,
470 1654 818 1712 Ctesiphontem
856 1654 1057 1714 leg'atum
1094 1655 1384 1712 delegerunt,
1427 1659 1481 1696 ut
1520 1653 1726 1698 animum
1757 1653 1970 1713 Philippi
2009 1667 2116 1712 per-

226 1729 524 1770 scrutaretur.
558 1725 756 1784 Quos'in
774 1725 1093 1771 Macedoniam
1115 1725 1348 1785 profectos
1369 1725 1621 1786 Philippus
1638 1725 1900 1770 humaniter
1921 1726 2117 1786 accepit,

225 1806 375 1856 neque
404 1797 552 1842 solum
585 1804 743 1856 erepta
776 1797 1000 1854 reddidit,
1040 1798 1121 1843 sed
1153 1803 1200 1842 et
1228 1797 1318 1843 alia
1347 1797 1405 1843 de
1436 1812 1520 1843 suo
1551 1802 1622 1841 est
1653 1797 1866 1857 largitus,
1897 1795 2115 1857 injuriam

225 1871 391 1916 factam
422 1884 520 1914 esse
552 1885 779 1916 excusans
809 1870 1007 1916 militum
1033 1870 1325 1931 negligentia,
1356 1871 1480 1929 quod
1501 1870 1549 1916 id
1572 1875 1754 1930 tempus
1778 1871 1923 1927 fuisse
1944 1870 2115 1917 festum

225 1945 522 2025 ignorassent,
554 1944 755 2004 itemque
788 1942 1008 2005 adjiciens
1036 1958 1085 1988 se
1116 1944 1316 1989 invitum
1347 1945 1518 1990 bellum
1545 1958 1710 2005 gerere
1730 1945 2114 2006 cum-Athenien-

225 2017 362 2061 sibus.
423 2016 467 2060 Ii
506 2016 555 2059 in
596 2018 799 2063 Atticam
840 2019 1033 2076 reversi,
1083 2018 1240 2062 eadem
1280 2032 1397 2078 quae
1437 2019 1570 2062 alteri
1608 2018 1913 2075 nunciarunt,
1952 2018 2113 2062 huma-

225 2091 414 2136 nitatem
456 2090 627 2150 regiam
667 2107 942 2152 magnopere
981 2091 1310 2155 praedicantes.
1376 2091 1594 2137 Aeschin.
1638 2092 1672 2136 f.
1705 2093 1794 2152 leg.
1826 2108 1874 2152 Ρ.
1902 2094 2005 2137 196.
2019 2106 2110 2151 sq.
2144 2124 2146 2126 -

224 2165 270 2223 §.
293 2152 369 2220 12.
400 2179 499 2224 sqq.
551 2165 789 2224 Anonymi
820 2166 1094 2226 Argument.
1136 2166 1186 2211 in
1219 2163 1459 2211 Demosth.
1499 2166 1534 2211 f.
1568 2167 1657 2227 leg.
1690 2166 1793 2211 init.
1833 2180 1880 2226 p.
1904 2168 2009 2211 334.
2040 2179 2109 2224 sq

225 2238 318 2283 His
356 2212 526 2284 auditis
556 2238 843 2285 Philocrates
884 2240 1198 2286 subscribente
1240 2238 1551 2285 Demosthene
1596 2240 1869 2301 Psephisma
1907 2238 2110 2300 rogavit·

225 2311 330 2367 „Ut
357 2313 517 2357 liceret
540 2312 777 2374 Philippo,
807 2313 1151 2359 caduceatorem
1177 2313 1385 2357 Athenas
1415 2319 1463 2357 et
1493 2315 1667 2375 legatos
1697 2314 1880 2358 mittere
1910 2313 1968 2356 de
1996 2326 2111 2372 pace
2202 2347 2208 2350 .

226 2390 271 2430 et
312 2385 544 2435 societate.
571 2390 595 2412 ‘⁶
669 2385 802 2447 Quae
843 2401 954 2432 vero
998 2386 1173 2448 rogatio
1215 2403 1242 2433 a
1285 2384 1467 2447 Lycino
1511 2386 1784 2433 violatarum
1835 2385 1987 2447 legum
2039 2390 2109 2429 est

1492 2479 1520 2520 2
